% Computational Geodynamics References

@book{turcotte2014,
  title={Geodynamics},
  author={Turcotte, D. and Schubert, G.},
  year={2014},
  edition={3rd},
  publisher={Cambridge University Press}
}

@book{schubert2001,
  title={Mantle Convection in the Earth and Planets},
  author={Schubert, G. and Turcotte, D.L. and Olson, P.},
  year={2001},
  publisher={Cambridge University Press}
}

@book{gerya2019,
  title={Introduction to Numerical Geodynamic Modelling},
  author={Gerya, T.},
  year={2019},
  edition={2nd},
  publisher={Cambridge University Press}
}

@book{zhong2007,
  title={Numerical Methods for Mantle Convection},
  author={Zhong, S. and Yuen, D.A. and Moresi, L.N.},
  year={2007},
  journal={Treatise on Geophysics},
  volume={7},
  pages={227--252}
}

@book{ismail2009,
  title={Computational Methods for Geodynamics},
  author={Ismail-Zadeh, A. and Tackley, P.},
  year={2010},
  publisher={Cambridge University Press}
}

@article{moresi1995,
  title={Numerical investigation of 2D convection with extremely large viscosity variations},
  author={Moresi, L. and Solomatov, V.},
  journal={Physics of Fluids},
  volume={7},
  number={9},
  pages={2154--2162},
  year={1995}
}

@article{moresi1996,
  title={The accuracy of finite element solutions of Stokes' flow with strongly varying viscosity},
  author={Moresi, L.N. and Zhong, S. and Gurnis, M.},
  journal={Physics of the Earth and Planetary Interiors},
  volume={97},
  number={1-4},
  pages={83--94},
  year={1996}
}

@book{batchelor1967,
  title={An Introduction to Fluid Dynamics},
  author={Batchelor, G.K.},
  year={1967},
  publisher={Cambridge University Press}
}

@book{acheson1990,
  title={Elementary Fluid Dynamics},
  author={Acheson, D.J.},
  year={1990},
  publisher={Oxford University Press}
}

@book{white2006,
  title={Viscous Fluid Flow},
  author={White, F.M.},
  year={2006},
  edition={3rd},
  publisher={McGraw-Hill}
}

@book{pozrikidis2011,
  title={Introduction to Theoretical and Computational Fluid Dynamics},
  author={Pozrikidis, C.},
  year={2011},
  edition={2nd},
  publisher={Oxford University Press}
}

@book{zienkiewicz2013,
  title={The Finite Element Method: Its Basis and Fundamentals},
  author={Zienkiewicz, O.C. and Taylor, R.L. and Zhu, J.Z.},
  year={2013},
  edition={7th},
  publisher={Butterworth-Heinemann}
}

@book{hughes2000,
  title={The Finite Element Method: Linear Static and Dynamic Finite Element Analysis},
  author={Hughes, T.J.R.},
  year={2000},
  publisher={Dover Publications}
}

@article{mcnamara2000,
  title={Thermochemical structures beneath Africa and the Pacific Ocean},
  author={McNamara, A.K. and Zhong, S.},
  journal={Nature},
  volume={437},
  pages={1136--1139},
  year={2005}
}

@article{tackley2008,
  title={Modelling compressible mantle convection with large viscosity contrasts in a three-dimensional spherical shell using the yin-yang grid},
  author={Tackley, P.J.},
  journal={Physics of the Earth and Planetary Interiors},
  volume={171},
  number={1-4},
  pages={7--18},
  year={2008}
}

@article{stadler2010,
  title={The dynamics of plate tectonics and mantle flow: From local to global scales},
  author={Stadler, G. and Gurnis, M. and Burstedde, C. and Wilcox, L.C. and Alisic, L. and Ghattas, O.},
  journal={Science},
  volume={329},
  number={5995},
  pages={1033--1038},
  year={2010}
}